<record><leader>00000cas a22000007a 4500</leader><controlfield tag="001">24640662</controlfield><controlfield tag="008">911029d186119uunyucr ne      0    0eng d</controlfield><datafield ind1=" " ind2=" " tag="010"><subfield code="a">sn 91066950 </subfield></datafield><datafield ind1=" " ind2=" " tag="040"><subfield code="a">NYS</subfield><subfield code="b">eng</subfield><subfield code="c">NYS</subfield><subfield code="d">OCL</subfield><subfield code="d">NYS</subfield><subfield code="d">OCL</subfield><subfield code="d">OCLCQ</subfield><subfield code="d">OCLCF</subfield><subfield code="d">OCLCO</subfield></datafield><datafield ind1=" " ind2=" " tag="019"><subfield code="a">24632707</subfield></datafield><datafield ind1="1" ind2=" " tag="029"><subfield code="a">AU@</subfield><subfield code="b">000020226540</subfield></datafield><datafield ind1=" " ind2=" " tag="042"><subfield code="a">msc</subfield></datafield><datafield ind1=" " ind2=" " tag="043"><subfield code="a">n-us-ny</subfield></datafield><datafield ind1="0" ind2=" " tag="130"><subfield code="a">Rome sentinel (Rome, N.Y. : 1861)</subfield></datafield><datafield ind1="1" ind2="0" tag="245"><subfield code="a">Rome sentinel.</subfield></datafield><datafield ind1=" " ind2=" " tag="260"><subfield code="a">Rome, N.Y. :</subfield><subfield code="b">Wood &amp; Larwill</subfield></datafield><datafield ind1=" " ind2=" " tag="300"><subfield code="a">v. ;</subfield><subfield code="c">58 cm.</subfield></datafield><datafield ind1=" " ind2=" " tag="310"><subfield code="a">Semiweekly,</subfield><subfield code="b">Oct. 5, 1888-&lt;Dec. 29, 1916&gt;</subfield></datafield><datafield ind1=" " ind2=" " tag="321"><subfield code="a">Weekly,</subfield><subfield code="b">&lt;Aug. 14, 1861&gt;-Oct. 2, 1888</subfield></datafield><datafield ind1="1" ind2=" " tag="362"><subfield code="a">Began in 1861.</subfield></datafield><datafield ind1=" " ind2=" " tag="500"><subfield code="a">Publishers: Wood &amp; Larwill, 1861-1863; William Wood, 1863; Warren &amp; Beers, 1863-1864; Beers &amp; Kessinger, 1864-1893; Rome Sentinel Co., 1893-&lt;1916&gt;.</subfield></datafield><datafield ind1=" " ind2=" " tag="580"><subfield code="a">Daily eds.: Daily sentinel (Rome, N.Y. : 1854), 1861-&lt;1863&gt;; Rome daily sentinel (Rome, N.Y. : 1881), 1881-&lt;1916&gt;.</subfield></datafield><datafield ind1=" " ind2=" " tag="588"><subfield code="a">Description based on: Vol. 26, no. 34 (Aug. 14, 1861).</subfield></datafield><datafield ind1=" " ind2=" " tag="588"><subfield code="a">Latest issue consulted: Dec. 29, 1916.</subfield></datafield><datafield ind1=" " ind2="0" tag="651"><subfield code="a">Rome (N.Y.)</subfield><subfield code="v">Newspapers.</subfield></datafield><datafield ind1=" " ind2="7" tag="655"><subfield code="a">Newspapers.</subfield><subfield code="2">fast</subfield><subfield code="0">(OCoLC)fst01423814</subfield></datafield><datafield ind1=" " ind2="7" tag="651"><subfield code="a">New York (State)</subfield><subfield code="z">Rome.</subfield><subfield code="2">fast</subfield><subfield code="0">(OCoLC)fst01213046</subfield></datafield><datafield ind1=" " ind2=" " tag="752"><subfield code="a">United States</subfield><subfield code="b">New York</subfield><subfield code="c">Oneida</subfield><subfield code="d">Rome.</subfield></datafield><datafield ind1="1" ind2=" " tag="775"><subfield code="t">Daily sentinel (Rome, N.Y. : 1854)</subfield><subfield code="w">(DLC)sn 90066122</subfield><subfield code="w">(OCoLC)20815529</subfield></datafield><datafield ind1="1" ind2=" " tag="775"><subfield code="t">Rome daily sentinel (Rome, N.Y. : 1881)</subfield><subfield code="w">(DLC)sn 83031997</subfield><subfield code="w">(OCoLC)10097723</subfield></datafield><datafield ind1="0" ind2="0" tag="780"><subfield code="t">Rome weekly sentinel</subfield><subfield code="w">(DLC)sn 91066949</subfield><subfield code="w">(OCoLC)24640517</subfield></datafield></record>